@article{Mardirossian2016i/iCorrelation,
    title = {{<i>{$\omega$}</i> B97M-V: A combinatorially optimized, range-separated hybrid, meta-GGA density functional with VV10 nonlocal correlation}},
    year = {2016},
    journal = {J. Chem. Phys.},
    author = {Mardirossian, Narbe and Head-Gordon, Martin},
    number = {21},
    month = {6},
    pages = {214110},
    volume = {144},
    doi = {10.1063/1.4952647},
    issn = {0021-9606}
}

@article{Grimme2010AH-Pu,
    title = {{A consistent and accurate <i>ab initio</i> parametrization of density functional dispersion correction (DFT-D) for the 94 elements H-Pu}},
    year = {2010},
    journal = {J. Chem. Phys.},
    author = {Grimme, Stefan and Antony, Jens and Ehrlich, Stephan and Krieg, Helge},
    number = {15},
    month = {4},
    pages = {154104},
    volume = {132},
    doi = {10.1063/1.3382344},
    issn = {0021-9606}
}

@article{Johnson2005AInteractions,
    title = {{A post-Hartree–Fock model of intermolecular interactions}},
    year = {2005},
    journal = {J. Chem. Phys.},
    author = {Johnson, Erin R. and Becke, Axel D.},
    number = {2},
    month = {7},
    pages = {024101},
    volume = {123},
    doi = {10.1063/1.1949201},
    issn = {0021-9606}
}

@article{Hurd2017APlastocyanin,
    title = {{A QM/MM study of the nature of the entatic state in plastocyanin}},
    year = {2017},
    journal = {J. Comput. Chem.},
    author = {Hurd, Catherine A. and Besley, Nicholas A. and Robinson, David},
    number = {16},
    month = {6},
    pages = {1431--1437},
    volume = {38},
    doi = {10.1002/jcc.24666},
    issn = {01928651}
}

@article{Stephens1994AbFields,
    title = {{Ab Initio Calculation of Vibrational Absorption and Circular Dichroism Spectra Using Density Functional Force Fields}},
    year = {1994},
    journal = {J. Phys Chem.},
    author = {Stephens, P. J. and Devlin, F. J. and Chabalowski, C. F. and Frisch, M. J.},
    number = {45},
    month = {11},
    pages = {11623--11627},
    volume = {98},
    doi = {10.1021/j100096a001},
    issn = {0022-3654}
}

@article{Singh2010AbsoluteInteractions,
    title = {{Absolute binding free energy calculations: On the accuracy of computational scoring of protein-ligand interactions}},
    year = {2010},
    journal = {Proteins: Struct., Funct., and Bioinf.},
    author = {Singh, Nidhi and Warshel, Arieh},
    pages = {NA-NA},
    doi = {10.1002/prot.22687},
    issn = {08873585}
}

@article{Barton2016AccessingPathway,
    title = {{Accessing low-oxidation state taxanes: is taxadiene-4(5)-epoxide on the taxol biosynthetic pathway?}},
    year = {2016},
    journal = {Chem. Sci.},
    author = {Barton, Naomi A. and Marsh, Benjamin J. and Lewis, William and Narraidoo, Nathalie and Seymour, Graham B. and Fray, Rupert and Hayes, Christopher J.},
    number = {5},
    pages = {3102--3107},
    volume = {7},
    doi = {10.1039/C5SC03463A},
    issn = {2041-6520}
}

@article{Perdew1992AccurateEnergy,
    title = {{Accurate and simple analytic representation of the electron-gas correlation energy}},
    year = {1992},
    journal = {Phys. Rev. B},
    author = {Perdew, John P. and Wang, Yue},
    number = {23},
    month = {6},
    pages = {13244--13249},
    volume = {45},
    doi = {10.1103/PhysRevB.45.13244},
    issn = {0163-1829}
}

@article{Vosko1980AccurateAnalysis,
    title = {{Accurate spin-dependent electron liquid correlation energies for local spin density calculations: a critical analysis}},
    year = {1980},
    journal = {Can. J. Phys.},
    author = {Vosko, S. H. and Wilk, L. and Nusair, M.},
    number = {8},
    month = {8},
    pages = {1200--1211},
    volume = {58},
    doi = {10.1139/p80-159},
    issn = {0008-4204}
}

@article{Palframan2019Acid-CatalysedPhomactins,
    title = {{Acid-Catalysed Rearrangement of the Sandfly Pheromone Sobralene to Verticillenes, Consolidating its Relationship inter alia to the Taxanes and Phomactins}},
    year = {2019},
    journal = {Synlett},
    author = {Palframan, Matthew J. and Bandi, Krishna K. and Hamilton, James G. C. and Pattenden, Gerald},
    number = {16},
    month = {10},
    pages = {1899--1903},
    volume = {30},
    doi = {10.1055/s-0039-1690131},
    issn = {0936-5214}
}

@article{SousadaSilva2012ACPYPEInterfacE,
    title = {{ACPYPE - AnteChamber PYthon Parser interfacE}},
    year = {2012},
    journal = {BMC Res. Notes},
    author = {Sousa da Silva, Alan W and Vranken, Wim F},
    number = {1},
    month = {12},
    pages = {367},
    volume = {5},
    doi = {10.1186/1756-0500-5-367},
    issn = {1756-0500}
}

@article{Shao2015AdvancesPackage,
    title = {{Advances in molecular quantum chemistry contained in the Q-Chem 4 program package}},
    year = {2015},
    journal = {Mol. Phys.},
    author = {Shao, Yihan and Gan, Zhengting and Epifanovsky, Evgeny and Gilbert, Andrew T.B. and Wormit, Michael and Kussmann, Joerg and Lange, Adrian W. and Behn, Andrew and Deng, Jia and Feng, Xintian and Ghosh, Debashree and Goldey, Matthew and Horn, Paul R. and Jacobson, Leif D. and Kaliman, Ilya and Khaliullin, Rustam Z. and Ku{\'{s}}, Tomasz and Landau, Arie and Liu, Jie and Proynov, Emil I. and Rhee, Young Min and Richard, Ryan M. and Rohrdanz, Mary A. and Steele, Ryan P. and Sundstrom, Eric J. and Woodcock, H. Lee and Zimmerman, Paul M. and Zuev, Dmitry and Albrecht, Ben and Alguire, Ethan and Austin, Brian and Beran, Gregory J. O. and Bernard, Yves A. and Berquist, Eric and Brandhorst, Kai and Bravaya, Ksenia B. and Brown, Shawn T. and Casanova, David and Chang, Chun-Min and Chen, Yunqing and Chien, Siu Hung and Closser, Kristina D. and Crittenden, Deborah L. and Diedenhofen, Michael and DiStasio, Robert A. and Do, Hainam and Dutoi, Anthony D. and Edgar, Richard G. and Fatehi, Shervin and Fusti-Molnar, Laszlo and Ghysels, An and Golubeva-Zadorozhnaya, Anna and Gomes, Joseph and Hanson-Heine, Magnus W.D. and Harbach, Philipp H.P. and Hauser, Andreas W. and Hohenstein, Edward G. and Holden, Zachary C. and Jagau, Thomas-C. and Ji, Hyunjun and Kaduk, Benjamin and Khistyaev, Kirill and Kim, Jaehoon and Kim, Jihan and King, Rollin A. and Klunzinger, Phil and Kosenkov, Dmytro and Kowalczyk, Tim and Krauter, Caroline M. and Lao, Ka Un and Laurent, Adèle D. and Lawler, Keith V. and Levchenko, Sergey V. and Lin, Ching Yeh and Liu, Fenglai and Livshits, Ester and Lochan, Rohini C. and Luenser, Arne and Manohar, Prashant and Manzer, Samuel F. and Mao, Shan-Ping and Mardirossian, Narbe and Marenich, Aleksandr V. and Maurer, Simon A. and Mayhall, Nicholas J. and Neuscamman, Eric and Oana, C. Melania and Olivares-Amaya, Roberto and O’Neill, Darragh P. and Parkhill, John A. and Perrine, Trilisa M. and Peverati, Roberto and Prociuk, Alexander and Rehn, Dirk R. and Rosta, Edina and Russ, Nicholas J. and Sharada, Shaama M. and Sharma, Sandeep and Small, David W. and Sodt, Alexander and Stein, Tamar and St{\"{u}}ck, David and Su, Yu-Chuan and Thom, Alex J.W. and Tsuchimochi, Takashi and Vanovschi, Vitalii and Vogt, Leslie and Vydrov, Oleg and Wang, Tao and Watson, Mark A. and Wenzel, Jan and White, Alec and Williams, Christopher F. and Yang, Jun and Yeganeh, Sina and Yost, Shane R. and You, Zhi-Qiang and Zhang, Igor Ying and Zhang, Xing and Zhao, Yan and Brooks, Bernard R. and Chan, Garnet K.L. and Chipman, Daniel M. and Cramer, Christopher J. and Goddard, William A. and Gordon, Mark S. and Hehre, Warren J. and Klamt, Andreas and Schaefer, Henry F. and Schmidt, Michael W. and Sherrill, C. David and Truhlar, Donald G. and Warshel, Arieh and Xu, Xin and Aspuru-Guzik, Alán and Baer, Roi and Bell, Alexis T. and Besley, Nicholas A. and Chai, Jeng-Da and Dreuw, Andreas and Dunietz, Barry D. and Furlani, Thomas R. and Gwaltney, Steven R. and Hsu, Chao-Ping and Jung, Yousung and Kong, Jing and Lambrecht, Daniel S. and Liang, WanZhen and Ochsenfeld, Christian and Rassolov, Vitaly A. and Slipchenko, Lyudmila V. and Subotnik, Joseph E. and Van Voorhis, Troy and Herbert, John M. and Krylov, Anna I. and Gill, Peter M.W. and Head-Gordon, Martin},
    number = {2},
    month = {1},
    pages = {184--215},
    volume = {113},
    doi = {10.1080/00268976.2014.952696},
    issn = {0026-8976}
}

@article{Mason2019AIRBED:Surfaces,
    title = {{AIRBED: A Simplified Density Functional Theory Model for Physisorption on Surfaces}},
    year = {2019},
    journal = {J. Chem. Theo. Comput.},
    author = {Mason, Stephen E. and Beton, Peter H. and Besley, Nicholas A.},
    number = {10},
    month = {10},
    pages = {5628--5634},
    volume = {15},
    doi = {10.1021/acs.jctc.9b00576},
    issn = {1549-9618}
}

@article{Varadi2022AlphaFoldModels,
    title = {{AlphaFold Protein Structure Database: massively expanding the structural coverage of protein-sequence space with high-accuracy models}},
    year = {2022},
    journal = {Nucleic Acids Res.},
    author = {Varadi, Mihaly and Anyango, Stephen and Deshpande, Mandar and Nair, Sreenath and Natassia, Cindy and Yordanova, Galabina and Yuan, David and Stroe, Oana and Wood, Gemma and Laydon, Agata and {\v{Z}}{\'{i}}dek, Augustin and Green, Tim and Tunyasuvunakool, Kathryn and Petersen, Stig and Jumper, John and Clancy, Ellen and Green, Richard and Vora, Ankur and Lutfi, Mira and Figurnov, Michael and Cowie, Andrew and Hobbs, Nicole and Kohli, Pushmeet and Kleywegt, Gerard and Birney, Ewan and Hassabis, Demis and Velankar, Sameer},
    number = {D1},
    month = {1},
    pages = {D439-D444},
    volume = {50},
    doi = {10.1093/nar/gkab1061},
    issn = {0305-1048}
}

@article{Marion1983ApplicationProteins,
    title = {{Application of phase sensitive two-dimensional correlated spectroscopy (COSY) for measurements of 1H-1H spin-spin coupling constants in proteins}},
    year = {1983},
    journal = {Biochem. Biophys. Res. Comm.},
    author = {Marion, D. and W{\"{u}}thrich, K.},
    number = {3},
    month = {6},
    pages = {967--974},
    volume = {113},
    doi = {10.1016/0006-291X(83)91093-8},
    issn = {0006291X}
}

@article{Ward2008ArtificialEvolution,
    title = {{Artificial Enzymes Made to Order: Combination of Computational Design and Directed Evolution}},
    year = {2008},
    journal = {Angew. Chem., Int. Ed.},
    author = {Ward, Thomas R.},
    number = {41},
    month = {9},
    pages = {7802--7803},
    volume = {47},
    doi = {10.1002/anie.200802865},
    issn = {14337851}
}

@article{Eberhardt2021AutoDockBindings,
    title = {{AutoDock Vina 1.2.0: New Docking Methods, Expanded Force Field, and Python Bindings}},
    year = {2021},
    journal = {J. Chem. Inf. Model.},
    author = {Eberhardt, Jerome and Santos-Martins, Diogo and F. Tillack, Andreas and Forli, Stefano},
    number = {8},
    month = {7},
    pages = {3891--3898},
    volume = {61},
    publisher = {American Chemical Society},
    doi = {10.1021/acs.jcim.1c00203},
    issn = {15205142},
    pmid = {34278794}
}

@article{Eberhardt2021AutoDockBindingsb,
    title = {{AutoDock Vina 1.2.0: New Docking Methods, Expanded Force Field, and Python Bindings}},
    year = {2021},
    journal = {Journal of Chemical Information and Modeling},
    author = {Eberhardt, Jerome and Santos-Martins, Diogo and F. Tillack, Andreas and Forli, Stefano},
    number = {8},
    month = {7},
    pages = {3891--3898},
    volume = {61},
    publisher = {American Chemical Society},
    doi = {10.1021/acs.jcim.1c00203}
}

@article{Eberhardt2021AutoDockBindingsc,
    title = {{AutoDock Vina 1.2.0: New Docking Methods, Expanded Force Field, and Python Bindings}},
    year = {2021},
    journal = {Journal of Chemical Information and Modeling},
    author = {Eberhardt, Jerome and Santos-Martins, Diogo and F. Tillack, Andreas and Forli, Stefano},
    number = {8},
    month = {7},
    pages = {3891--3898},
    volume = {61},
    publisher = {American Chemical Society},
    doi = {10.1021/acs.jcim.1c00203}
}

@article{Eberhardt2021AutoDockBindingsd,
    title = {{AutoDock Vina 1.2.0: New Docking Methods, Expanded Force Field, and Python Bindings}},
    year = {2021},
    journal = {Journal of Chemical Information and Modeling},
    author = {Eberhardt, Jerome and Santos-Martins, Diogo and F. Tillack, Andreas and Forli, Stefano},
    number = {8},
    month = {7},
    pages = {3891--3898},
    volume = {61},
    publisher = {American Chemical Society},
    doi = {10.1021/acs.jcim.1c00203}
}

@article{Eberhardt2021AutoDockBindingse,
    title = {{AutoDock Vina 1.2.0: New Docking Methods, Expanded Force Field, and Python Bindings}},
    year = {2021},
    journal = {Journal of Chemical Information and Modeling},
    author = {Eberhardt, Jerome and Santos-Martins, Diogo and F. Tillack, Andreas and Forli, Stefano},
    number = {8},
    month = {7},
    pages = {3891--3898},
    volume = {61},
    publisher = {American Chemical Society},
    doi = {10.1021/acs.jcim.1c00203}
}

@article{MallikarjunSharada2012AutomatedHessian,
    title = {{Automated Transition State Searches without Evaluating the Hessian}},
    year = {2012},
    journal = {J. Chem. Theo. Comput.},
    author = {Mallikarjun Sharada, Shaama and Zimmerman, Paul M. and Bell, Alexis T. and Head-Gordon, Martin},
    number = {12},
    month = {12},
    pages = {5166--5174},
    volume = {8},
    doi = {10.1021/ct300659d},
    issn = {1549-9618}
}

@article{Wang2006AutomaticCalculations,
    title = {{Automatic atom type and bond type perception in molecular mechanical calculations}},
    year = {2006},
    journal = {J. Mol. Graphics Modell.},
    author = {Wang, Junmei and Wang, Wei and Kollman, Peter A. and Case, David A.},
    number = {2},
    month = {10},
    pages = {247--260},
    volume = {25},
    doi = {10.1016/j.jmgm.2005.12.005},
    issn = {10933263}
}

@article{Mladek2013BenchmarkTheory,
    title = {{Benchmark quantum-chemical calculations on a complete set of rotameric families of the DNA sugar–phosphate backbone and their comparison with modern density functional theory}},
    year = {2013},
    journal = {Phys. Chem. Chem. Phys. },
    author = {Ml{\'{a}}dek, Arnošt and Krepl, Miroslav and Svozil, Daniel and {\v{C}}ech, Petr and Otyepka, Michal and Ban{\'{a}}{\v{s}}, Pavel and Zgarbov{\'{a}}, Marie and Jure{\v{c}}ka, Petr and {\v{S}}poner, Jiří},
    number = {19},
    pages = {7295},
    volume = {15},
    doi = {10.1039/c3cp44383c},
    issn = {1463-9076}
}

@article{Freud2017CatalyticSynthase,
    title = {{Catalytic Control in the Facile Proton Transfer in Taxadiene Synthase}},
    year = {2017},
    journal = {ACS Catal.},
    author = {Freud, Yehoshua and Ansbacher, Tamar and Major, Dan Thomas},
    number = {11},
    month = {11},
    pages = {7653--7657},
    volume = {7},
    url = {https://pubs.acs.org/doi/10.1021/acscatal.7b02824},
    doi = {10.1021/acscatal.7b02824},
    issn = {2155-5435}
}

@article{Weitman2010ChallengesMonoterpenes,
    title = {{Challenges Posed to Bornyl Diphosphate Synthase: Diverging Reaction Mechanisms in Monoterpenes}},
    year = {2010},
    journal = {Journal of the American Chemical Society},
    author = {Weitman, Michal and Major, Dan Thomas},
    number = {18},
    month = {5},
    pages = {6349--6360},
    volume = {132},
    url = {https://pubs.acs.org/doi/10.1021/ja910134x},
    doi = {10.1021/ja910134x},
    issn = {0002-7863}
}

@article{Vanommeslaeghe2009CHARMMFields,
    title = {{CHARMM general force field: A force field for drug-like molecules compatible with the CHARMM all-atom additive biological force fields}},
    year = {2009},
    journal = {J. Comput. Chem.},
    author = {Vanommeslaeghe, K. and Hatcher, E. and Acharya, C. and Kundu, S. and Zhong, S. and Shim, J. and Darian, E. and Guvench, O. and Lopes, P. and Vorobyov, I. and Mackerell, A. D.},
    pages = {NA-NA},
    doi = {10.1002/jcc.21367},
    issn = {01928651}
}

@article{Jo2008CHARMM-GUI:CHARMM,
    title = {{CHARMM-GUI: A web-based graphical user interface for CHARMM}},
    year = {2008},
    journal = {J. Comput. Chem.},
    author = {Jo, Sunhwan and Kim, Taehoon and Iyer, Vidyashankara G. and Im, Wonpil},
    number = {11},
    month = {8},
    pages = {1859--1865},
    volume = {29},
    doi = {10.1002/jcc.20945},
    issn = {01928651}
}

@article{Brooks1983CHARMM:Calculations,
    title = {{CHARMM: A program for macromolecular energy, minimization, and dynamics calculations}},
    year = {1983},
    journal = {J. Comput. Chem.},
    author = {Brooks, Bernard R. and Buccoleri, Robert E. and Olafson, Barry D. and States, David J. and Swaminathan, S. and Karplus, Martin},
    number = {2},
    pages = {187--217},
    volume = {4},
    url = {https://doi.org/10.1002/jcc.540040211}
}

@article{Goncalves2021CommunityInfantum,
    title = {{Community deployment of a synthetic pheromone of the sand fly Lutzomyia longipalpis co-located with insecticide reduces vector abundance in treated and neighbouring untreated houses: Implications for control of Leishmania infantum}},
    year = {2021},
    journal = {PLOS Neg. Trop. Dis.},
    author = {Gon{\c{c}}alves, Raquel and de Souza, Cristian F. and Rontani, Reila B. and Pereira, Alisson and Farnes, Katie B. and Gorsich, Erin E. and Silva, Rafaella A. and Brazil, Reginaldo P. and Hamilton, James G. C. and Courtenay, Orin},
    number = {2},
    month = {2},
    pages = {e0009080},
    volume = {15},
    doi = {10.1371/journal.pntd.0009080},
    issn = {1935-2735}
}

@article{Genheden2012ComparisonEnergies,
    title = {{Comparison of end-point continuum-solvation methods for the calculation of protein-ligand binding free energies}},
    year = {2012},
    journal = {Proteins: Struct., Funct., and Bioinf.},
    author = {Genheden, Samuel and Ryde, Ulf},
    number = {5},
    month = {5},
    pages = {1326--1342},
    volume = {80},
    doi = {10.1002/prot.24029},
    issn = {08873585}
}

@article{Lassila2010ConformationalDesign,
    title = {{Conformational diversity and computational enzyme design}},
    year = {2010},
    journal = {Curr. Opin. Chem. Bio.},
    author = {Lassila, Jonathan K},
    number = {5},
    month = {10},
    pages = {676--682},
    volume = {14},
    doi = {10.1016/j.cbpa.2010.08.010},
    issn = {13675931}
}

@article{Zhao2008DensityChemistry,
    title = {{Density Functionals with Broad Applicability in Chemistry}},
    year = {2008},
    journal = {Acc. Chem. Res.},
    author = {Zhao, Yan and Truhlar, Donald G.},
    number = {2},
    month = {2},
    pages = {157--167},
    volume = {41},
    doi = {10.1021/ar700111a},
    issn = {0001-4842}
}

@article{Burns2011Density-functionalFunctionals,
    title = {{Density-functional approaches to noncovalent interactions: A comparison of dispersion corrections (DFT-D), exchange-hole dipole moment (XDM) theory, and specialized functionals}},
    year = {2011},
    journal = {J. Chem. Phys.},
    author = {Burns, Lori A. and Mayagoitia, Álvaro Vázquez- and Sumpter, Bobby G. and Sherrill, C. David},
    number = {8},
    month = {2},
    pages = {084107},
    volume = {134},
    doi = {10.1063/1.3545971},
    issn = {0021-9606}
}

@article{Becke1988Density-functionalBehavior,
    title = {{Density-functional exchange-energy approximation with correct asymptotic behavior}},
    year = {1988},
    journal = {Phys. Rev. A},
    author = {Becke, A. D.},
    number = {6},
    month = {9},
    pages = {3098--3100},
    volume = {38},
    doi = {10.1103/PhysRevA.38.3098},
    issn = {0556-2791}
}

@article{Becke1996DensityfunctionalMixing,
    title = {{Density‐functional thermochemistry. IV. A new dynamical correlation functional and implications for exact‐exchange mixing}},
    year = {1996},
    journal = {J. Chem. Phys.},
    author = {Becke, Axel D.},
    number = {3},
    month = {1},
    pages = {1040--1046},
    volume = {104},
    doi = {10.1063/1.470829},
    issn = {0021-9606}
}

@article{Zhao2004DevelopmentKinetics,
    title = {{Development and Assessment of a New Hybrid Density Functional Model for Thermochemical Kinetics}},
    year = {2004},
    journal = {J. Phys. Chem. A},
    author = {Zhao, Yan and Lynch, Benjamin J. and Truhlar, Donald G.},
    number = {14},
    month = {4},
    pages = {2715--2719},
    volume = {108},
    doi = {10.1021/jp049908s},
    issn = {1089-5639}
}

@article{Wang2004DevelopmentField,
    title = {{Development and testing of a general amber force field}},
    year = {2004},
    journal = {J. Comput. Chem.},
    author = {Wang, Junmei and Wolf, Romain M. and Caldwell, James W. and Kollman, Peter A. and Case, David A.},
    number = {9},
    month = {7},
    pages = {1157--1174},
    volume = {25},
    doi = {10.1002/jcc.20035},
    issn = {0192-8651}
}

@article{Johnson2009DispersionTheory,
    title = {{Dispersion interactions in density-functional theory}},
    year = {2009},
    journal = {J. Phys. Org. Chem.},
    author = {Johnson, Erin R. and Mackie, Iain D. and DiLabio, Gino A.},
    number = {12},
    month = {12},
    pages = {1127--1135},
    volume = {22},
    doi = {10.1002/poc.1606},
    issn = {08943230}
}

@article{Grimme2011EffectTheory,
    title = {{Effect of the damping function in dispersion corrected density functional theory}},
    year = {2011},
    journal = {J. Comput. Chem.},
    author = {Grimme, Stefan and Ehrlich, Stephan and Goerigk, Lars},
    number = {7},
    month = {5},
    pages = {1456--1465},
    volume = {32},
    doi = {10.1002/jcc.21759},
    issn = {01928651}
}

@article{Berman1998EfficacyCountries,
    title = {{Efficacy and safety of liposomal amphotericin B (AmBisome) for visceral leishmaniasis in endemic developing countries}},
    year = {1998},
    journal = {Bulletin of the World Health Organization},
    author = {Berman, J D and Badaro, R and Thakur, C P and Wasunna, K M and Behbehani, K and Davidson, R and Kuzoe, F and Pang, L and Weerasuriya, K and Bryceson, A D},
    number = {1},
    pages = {25--32},
    volume = {76},
    publisher = {World Health Organization},
    url = {https://pubmed.ncbi.nlm.nih.gov/9615494 https://www.ncbi.nlm.nih.gov/pmc/articles/PMC2305623/},
    issn = {0042-9686},
    pmid = {9615494},
    keywords = {*Clinical Research, *Developing Countries, *Drugs--administraction and dosage, *Drugs--side effects, *Endemic Diseases, *Leishmaniasis--prevention and control, *Research Report, *Safety, *Treatment, Adolescent, Adult, Africa, Africa South Of The Sahara, Americas, Amphotericin B/*therapeutic use, Antiprotozoal Agents/*therapeutic use, Asia, Brazil, Child, Developing Countries, Diseases, Dose-Response Relationship, Drug, Drug Administration Schedule, Eastern Africa, English Speaking Africa, Health, Humans, India, Kenya, Latin America, Leishmaniasis, Visceral/*drug therapy/epidemiology, Parasitic Diseases, Public Health, Research Methodology, South America, Southern Asia, Treatment Outcome},
    language = {eng}
}

@article{Behn2011EfficientMethod,
    title = {{Efficient exploration of reaction paths via a freezing string method}},
    year = {2011},
    journal = {J. Chem. Phys.},
    author = {Behn, Andrew and Zimmerman, Paul M. and Bell, Alexis T. and Head-Gordon, Martin},
    number = {22},
    month = {12},
    pages = {224108},
    volume = {135},
    doi = {10.1063/1.3664901},
    issn = {0021-9606}
}

@article{Mackerell2004EmpiricalIssues,
    title = {{Empirical force fields for biological macromolecules: Overview and issues}},
    year = {2004},
    journal = {J. Comput. Chem.},
    author = {Mackerell, Alexander D.},
    number = {13},
    month = {10},
    pages = {1584--1604},
    volume = {25},
    doi = {10.1002/jcc.20082},
    issn = {0192-8651}
}

@article{Wang2019End-PointDesign,
    title = {{End-Point Binding Free Energy Calculation with MM/PBSA and MM/GBSA: Strategies and Applications in Drug Design}},
    year = {2019},
    journal = {Chem. Rev,},
    author = {Wang, Ercheng and Sun, Huiyong and Wang, Junmei and Wang, Zhe and Liu, Hui and Zhang, John Z. H. and Hou, Tingjun},
    number = {16},
    month = {8},
    pages = {9478--9508},
    volume = {119},
    doi = {10.1021/acs.chemrev.9b00055},
    issn = {0009-2665}
}

@article{Huang2001EngineeringTaxol,
    title = {{Engineering Escherichia coli for the synthesis of taxadiene, a key intermediate in the biosynthesis of taxol}},
    year = {2001},
    journal = {Bioorg. Med. Chem.},
    author = {Huang, Q and Roessner, C. A. and Croteau, R and Scott, A. I},
    number = {9},
    month = {9},
    pages = {2237--2242},
    volume = {9},
    doi = {10.1016/S0968-0896(01)00072-4},
    issn = {09680896}
}

@article{Laio2002EscapingMinima,
    title = {{Escaping free-energy minima}},
    year = {2002},
    journal = {Proc. Natl. Acad. Sci.},
    author = {Laio, Alessandro and Parrinello, Michele},
    number = {20},
    month = {10},
    pages = {12562--12566},
    volume = {99},
    doi = {10.1073/pnas.202427399},
    issn = {0027-8424}
}

@article{Becke2005Exchange-holeInteraction,
    title = {{Exchange-hole dipole moment and the dispersion interaction}},
    year = {2005},
    journal = {J. Chem. Phys.},
    author = {Becke, Axel D. and Johnson, Erin R.},
    number = {15},
    month = {4},
    pages = {154104},
    volume = {122},
    doi = {10.1063/1.1884601},
    issn = {0021-9606}
}

@article{Zhao2008ExploringInteractions,
    title = {{Exploring the Limit of Accuracy of the Global Hybrid Meta Density Functional for Main-Group Thermochemistry, Kinetics, and Noncovalent Interactions}},
    year = {2008},
    journal = {J. Chem. Theo. Comput.},
    author = {Zhao, Yan and Truhlar, Donald G.},
    number = {11},
    month = {11},
    pages = {1849--1868},
    volume = {4},
    doi = {10.1021/ct800246v},
    issn = {1549-9618}
}

@article{Maier2015Ff14SB:Ff99SB,
    title = {{ff14SB: Improving the Accuracy of Protein Side Chain and Backbone Parameters from ff99SB}},
    year = {2015},
    journal = {J. Chem. Theo. Comput.},
    author = {Maier, James A. and Martinez, Carmenza and Kasavajhala, Koushik and Wickstrom, Lauren and Hauser, Kevin E. and Simmerling, Carlos},
    number = {8},
    month = {8},
    pages = {3696--3713},
    volume = {11},
    doi = {10.1021/acs.jctc.5b00255},
    issn = {1549-9618}
}

@article{Oshiro1995FlexibleAlgorithm,
    title = {{Flexible ligand docking using a genetic algorithm}},
    year = {1995},
    journal = {J. Comput.-Aided Mol. Des.},
    author = {Oshiro, C. M. and Kuntz, I. D. and Dixon, J. Scott},
    number = {2},
    month = {4},
    pages = {113--130},
    volume = {9},
    doi = {10.1007/BF00124402},
    issn = {0920-654X}
}

@incollection{Ponder2003ForceSimulations,
    title = {{Force Fields for Protein Simulations}},
    year = {2003},
    author = {Ponder, Jay W. and Case, David A.},
    pages = {27--85},
    doi = {10.1016/S0065-3233(03)66002-X}
}

@article{Hong2010FormationCarbocations,
    title = {{Formation of Beyerene, Kaurene, Trachylobane, and Atiserene Diterpenes by Rearrangements That Avoid Secondary Carbocations}},
    year = {2010},
    journal = {J. Am. Chem. Soc.},
    author = {Hong, Young J. and Tantillo, Dean J.},
    number = {15},
    month = {4},
    pages = {5375--5386},
    volume = {132},
    doi = {10.1021/ja9084786},
    issn = {0002-7863}
}

@article{Perdew1996GeneralizedSimple,
    title = {{Generalized Gradient Approximation Made Simple}},
    year = {1996},
    journal = {Phys. Rev. Lett.},
    author = {Perdew, John P. and Burke, Kieron and Ernzerhof, Matthias},
    number = {18},
    month = {10},
    pages = {3865--3868},
    volume = {77},
    doi = {10.1103/PhysRevLett.77.3865},
    issn = {0031-9007}
}

@article{Jumper2021HighlyAlphaFold,
    title = {{Highly accurate protein structure prediction with AlphaFold}},
    year = {2021},
    journal = {Nat.},
    author = {Jumper, John and Evans, Richard and Pritzel, Alexander and Green, Tim and Figurnov, Michael and Ronneberger, Olaf and Tunyasuvunakool, Kathryn and Bates, Russ and {\v{Z}}{\'{i}}dek, Augustin and Potapenko, Anna and Bridgland, Alex and Meyer, Clemens and Kohl, Simon A. A. and Ballard, Andrew J. and Cowie, Andrew and Romera-Paredes, Bernardino and Nikolov, Stanislav and Jain, Rishub and Adler, Jonas and Back, Trevor and Petersen, Stig and Reiman, David and Clancy, Ellen and Zielinski, Michal and Steinegger, Martin and Pacholska, Michalina and Berghammer, Tamas and Bodenstein, Sebastian and Silver, David and Vinyals, Oriol and Senior, Andrew W. and Kavukcuoglu, Koray and Kohli, Pushmeet and Hassabis, Demis},
    number = {7873},
    month = {8},
    pages = {583--589},
    volume = {596},
    doi = {10.1038/s41586-021-03819-2},
    issn = {0028-0836}
}

@article{Bray2007HostPsychodidae,
    title = {{Host Odor Synergizes Attraction of Virgin Female <i>Lutzomyia longipalpis</i> (Diptera: Psychodidae)}},
    year = {2007},
    journal = {J. Med. Ent.},
    author = {Bray, D. P. and Hamilton, J. G. C.},
    number = {5},
    month = {9},
    pages = {779--787},
    volume = {44},
    doi = {10.1093/jmedent/44.5.779},
    issn = {0022-2585}
}

@article{Zhao2004HybridInteractions,
    title = {{Hybrid Meta Density Functional Theory Methods for Thermochemistry, Thermochemical Kinetics, and Noncovalent Interactions:  The MPW1B95 and MPWB1K Models and Comparative Assessments for Hydrogen Bonding and van der Waals Interactions}},
    year = {2004},
    journal = {J. Phys. Chem. A},
    author = {Zhao, Yan and Truhlar, Donald G.},
    number = {33},
    month = {8},
    pages = {6908--6918},
    volume = {108},
    doi = {10.1021/jp048147q},
    issn = {1089-5639}
}

@article{Schrepfer2016IdentificationSynthases,
    title = {{Identification of amino acid networks governing catalysis in the closed complex of class I terpene synthases}},
    year = {2016},
    journal = {Proc. Natl. Acad. Sci.},
    author = {Schrepfer, Patrick and Buettner, Alexander and Goerner, Christian and Hertel, Michael and van Rijn, Jeaphianne and Wallrapp, Frank and Eisenreich, Wolfgang and Sieber, Volker and Kourist, Robert and Br{\"{u}}ck, Thomas},
    number = {8},
    month = {2},
    volume = {113},
    url = {https://pnas.org/doi/full/10.1073/pnas.1519680113},
    doi = {10.1073/pnas.1519680113},
    issn = {0027-8424}
}

@misc{CentersforDiseaseControlandPrevention2019IndoorSpraying,
    title = {{Indoor Residual Spraying}},
    year = {2019},
    booktitle = {https://www.cdc.gov/malaria/malaria{\_}worldwide/reduction/irs.html{\#}},
    author = {{Centers for Disease Control and Prevention}}
}

@inproceedings{Perdew2001JacobsEnergy,
    title = {{Jacob’s ladder of density functional approximations for the exchange-correlation energy}},
    year = {2001},
    booktitle = {AIP Conf. Proc.},
    author = {Perdew, John P.},
    pages = {1--20},
    publisher = {AIP},
    doi = {10.1063/1.1390175},
    issn = {0094243X}
}

@article{Loncharich1992LangevinOfN-acetylalanyl-N-methylamide,
    title = {{Langevin dynamics of peptides: The frictional dependence of isomerization rates ofN-acetylalanyl-N?-methylamide}},
    year = {1992},
    journal = {Biopolymers},
    author = {Loncharich, Richard J. and Brooks, Bernard R. and Pastor, Richard W.},
    number = {5},
    month = {5},
    pages = {523--535},
    volume = {32},
    doi = {10.1002/bip.360320508},
    issn = {0006-3525}
}

@article{Desjeux2004Leishmaniasis:Perspectives,
    title = {{Leishmaniasis: current situation and new perspectives}},
    year = {2004},
    journal = {Comp. Immunol., Microbiol. Infect. Dis.},
    author = {Desjeux, P},
    number = {5},
    month = {9},
    pages = {305--318},
    volume = {27},
    doi = {10.1016/j.cimid.2004.03.004},
    issn = {01479571}
}

@article{Chai2008Long-rangeCorrections,
    title = {{Long-range corrected hybrid density functionals with damped atom–atom dispersion corrections}},
    year = {2008},
    journal = {Phys. Chem. Chem. Phys.},
    author = {Chai, Jeng-Da and Head-Gordon, Martin},
    number = {44},
    pages = {6615},
    volume = {10},
    doi = {10.1039/b810189b},
    issn = {1463-9076}
}

@article{Chai2008Long-rangeCorrectionsb,
    title = {{Long-range corrected hybrid density functionals with damped atom–atom dispersion corrections}},
    year = {2008},
    journal = {Phys. Chem. Chem. Phys.},
    author = {Chai, Jeng-Da and Head-Gordon, Martin},
    number = {44},
    pages = {6615},
    volume = {10},
    doi = {10.1039/b810189b},
    issn = {1463-9076}
}

@article{Courtenay2002LowTransmission,
    title = {{Low infectiousness of a wildlife host of <i>Leishmania infantum:</i> the crab-eating fox is not important for transmission}},
    year = {2002},
    journal = {Parasitology},
    author = {Courtenay, O. and Quinnell, R. J. and Garcez, L. M. and Dye, C.},
    number = {5},
    month = {5},
    pages = {407--414},
    volume = {125},
    doi = {10.1017/S0031182002002238},
    issn = {0031-1820}
}

@article{Retkute2021ModellingResponse,
    title = {{Modelling Sand Fly Lutzomyia longipalpis Attraction to Host Odour: Synthetic Sex-Aggregation Pheromone Dominates the Response}},
    year = {2021},
    journal = {Microorg.},
    author = {Retkute, Renata and Dilger, Erin and Hamilton, James G. C. and Keeling, Matt J. and Courtenay, Orin},
    number = {3},
    month = {3},
    pages = {602},
    volume = {9},
    doi = {10.3390/microorganisms9030602},
    issn = {2076-2607}
}

@article{Onufriev2000ModificationMacromolecules,
    title = {{Modification of the Generalized Born Model Suitable for Macromolecules}},
    year = {2000},
    journal = {J. Phys. Chem. B},
    author = {Onufriev, Alexey and Bashford, Donald and Case, David A.},
    number = {15},
    month = {4},
    pages = {3712--3720},
    volume = {104},
    doi = {10.1021/jp994072s},
    issn = {1520-6106}
}

@article{Berendsen1984MolecularBath,
    title = {{Molecular dynamics with coupling to an external bath}},
    year = {1984},
    journal = {J. Chem. Phys.},
    author = {Berendsen, H. J. C. and Postma, J. P. M. and van Gunsteren, W. F. and DiNola, A. and Haak, J. R.},
    number = {8},
    month = {10},
    pages = {3684--3690},
    volume = {81},
    doi = {10.1063/1.448118},
    issn = {0021-9606}
}

@misc{Werner2015MOLPRO,
    title = {{MOLPRO}},
    year = {2015},
    author = {Werner, H. J. and Knowles, P. J. and Knizia, G. and Manby, F. R. and Schutz, M and {others}}
}

@misc{Stewart2016MOPAC2016,
    title = {{MOPAC2016}},
    year = {2016},
    author = {Stewart, James J. P.},
    publisher = {Stewart Computational Chemistry},
    address = {Colorado Springs}
}

@article{Martins-Melo2014MortalityPatterns,
    title = {{Mortality and Case Fatality Due to Visceral Leishmaniasis in Brazil: A Nationwide Analysis of Epidemiology, Trends and Spatial Patterns}},
    year = {2014},
    journal = {PLoS ONE},
    author = {Martins-Melo, Francisco Rogerlândio and Lima, Mauricélia da Silveira and Ramos, Alberto Novaes and Alencar, Carlos Henrique and Heukelbach, Jorg},
    number = {4},
    month = {4},
    pages = {e93770},
    volume = {9},
    doi = {10.1371/journal.pone.0093770},
    issn = {1932-6203}
}

@article{Vydrov2010NonlocalBetter,
    title = {{Nonlocal van der Waals density functional: The simpler the better}},
    year = {2010},
    journal = {J. Chem. Phys.},
    author = {Vydrov, Oleg A. and Van Voorhis, Troy},
    number = {24},
    month = {12},
    pages = {244103},
    volume = {133},
    doi = {10.1063/1.3521275},
    issn = {0021-9606}
}

@article{Ryckaert1977NumericalN-alkanes,
    title = {{Numerical integration of the cartesian equations of motion of a system with constraints: molecular dynamics of n-alkanes}},
    year = {1977},
    journal = {J. Comput. Phys.},
    author = {Ryckaert, Jean-Paul and Ciccotti, Giovanni and Berendsen, Herman J.C},
    number = {3},
    month = {3},
    pages = {327--341},
    volume = {23},
    doi = {10.1016/0021-9991(77)90098-5},
    issn = {00219991}
}

@article{Roe2013PTRAJData,
    title = {{PTRAJ and CPPTRAJ: Software for Processing and Analysis of Molecular Dynamics Trajectory Data}},
    year = {2013},
    journal = {J. Chem. Theo. Comput.},
    author = {Roe, Daniel R. and Cheatham, Thomas E.},
    number = {7},
    month = {7},
    pages = {3084--3095},
    volume = {9},
    doi = {10.1021/ct400341p},
    issn = {1549-9618}
}

@article{vanRijn2019QM/MMMechanism,
    title = {{QM/MM study of the taxadiene synthase mechanism}},
    year = {2019},
    journal = {J. Comput. Chem.},
    author = {van Rijn, Jeaphianne P. M. and Escorcia, Andrés M. and Thiel, Walter},
    number = {21},
    month = {8},
    pages = {1902--1910},
    volume = {40},
    doi = {10.1002/jcc.25846},
    issn = {0192-8651}
}

@article{Suess2017QuantumMyoglobin,
    title = {{Quantum chemical calculations of tryptophan → heme electron and excitation energy transfer rates in myoglobin}},
    year = {2017},
    journal = {J. Comput. Chem.},
    author = {Suess, Christian J. and Hirst, Jonathan D. and Besley, Nicholas A.},
    number = {17},
    month = {6},
    pages = {1495--1502},
    volume = {38},
    doi = {10.1002/jcc.24793},
    issn = {01928651}
}

@article{P.Bhati2016RapidIntegration,
    title = {{Rapid, Accurate, Precise, and Reliable Relative Free Energy Prediction Using Ensemble Based Thermodynamic Integration}},
    year = {2016},
    journal = {J. Chem. Theo. Comput.},
    author = {P. Bhati, Agastya and Wan, Shunzhou and W. Wright, David and V. Coveney, Peter},
    number = {1},
    month = {12},
    pages = {210--222},
    volume = {13},
    publisher = {American Chemical Society},
    doi = {10.1021/acs.jctc.6b00979}
}

@article{Mohamed-Ahmed2012RecentLeishmaniasis,
    title = {{Recent advances in development of amphotericin B formulations for the treatment of visceral leishmaniasis}},
    year = {2012},
    journal = {Curr. Opin. Infect. Dis.},
    author = {Mohamed-Ahmed, Abeer H.A. and Brocchini, Stephen and Croft, Simon L.},
    number = {6},
    month = {12},
    pages = {695--702},
    volume = {25},
    doi = {10.1097/QCO.0b013e328359eff2},
    issn = {0951-7375}
}

@article{Kovacs2007RedirectionFruit,
    title = {{Redirection of carotenoid metabolism for the efficient production of taxadiene [taxa-4(5),11(12)-diene] in transgenic tomato fruit}},
    year = {2007},
    journal = {Trans. Res.},
    author = {Kovacs, Katalin and Zhang, Lina and Linforth, Robert S. T. and Whittaker, Benjamin and Hayes, Christopher J. and Fray, Rupert G.},
    number = {1},
    month = {2},
    pages = {121--126},
    volume = {16},
    doi = {10.1007/s11248-006-9039-x},
    issn = {0962-8819}
}

@article{Schroder2015ReformulationCoefficients,
    title = {{Reformulation of the D3(Becke–Johnson) Dispersion Correction without Resorting to Higher than <i>C</i> <sub>6</sub> Dispersion Coefficients}},
    year = {2015},
    journal = {J. Chem. Theo. Comput.},
    author = {Schr{\"{o}}der, Heiner and Creon, Anne and Schwabe, Tobias},
    number = {7},
    month = {7},
    pages = {3163--3170},
    volume = {11},
    doi = {10.1021/acs.jctc.5b00400},
    issn = {1549-9618}
}

@article{Cournia2017RelativeConsiderations,
    title = {{Relative Binding Free Energy Calculations in Drug Discovery: Recent Advances and Practical Considerations}},
    year = {2017},
    journal = {J. Chem. Inf. Model.},
    author = {Cournia, Zoe and Allen, Bryce and Sherman, Woody},
    number = {12},
    month = {12},
    pages = {2911--2937},
    volume = {57},
    publisher = {American Chemical Society},
    doi = {10.1021/acs.jcim.7b00564}
}

@article{Grimme2006SemiempiricalCorrection,
    title = {{Semiempirical GGA-type density functional constructed with a long-range dispersion correction}},
    year = {2006},
    journal = {J. Comput. Chem.},
    author = {Grimme, Stefan},
    number = {15},
    month = {11},
    pages = {1787--1799},
    volume = {27},
    doi = {10.1002/jcc.20495},
    issn = {0192-8651}
}

@article{Miyamoto1992Settle:Models,
    title = {{Settle: An analytical version of the SHAKE and RATTLE algorithm for rigid water models}},
    year = {1992},
    journal = {J. Comput. Chem.},
    author = {Miyamoto, Shuichi and Kollman, Peter A.},
    number = {8},
    month = {10},
    pages = {952--962},
    volume = {13},
    doi = {10.1002/jcc.540130805},
    issn = {0192-8651}
}

@article{Hanson-Heine2016SimulationModes,
    title = {{Simulation of Two-Dimensional Infrared Spectroscopy of Peptides Using Localized Normal Modes}},
    year = {2016},
    journal = {J. Chem. Theo. Comput.},
    author = {Hanson-Heine, Magnus W. D. and Husseini, Fouad S. and Hirst, Jonathan D. and Besley, Nicholas A.},
    number = {4},
    month = {4},
    pages = {1905--1918},
    volume = {12},
    doi = {10.1021/acs.jctc.5b01198},
    issn = {1549-9618}
}

@article{Ansbacher2018Slow-StarterSynthase,
    title = {{Slow-Starter Enzymes: Role of Active-Site Architecture in the Catalytic Control of the Biosynthesis of Taxadiene by Taxadiene Synthase}},
    year = {2018},
    journal = {Biochemistry},
    author = {Ansbacher, Tamar and Freud, Yehoshua and Major, Dan Thomas},
    number = {26},
    month = {7},
    pages = {3773--3779},
    volume = {57},
    publisher = {American Chemical Society},
    url = {https://pubs.acs.org/doi/10.1021/acs.biochem.8b00452},
    doi = {10.1021/acs.biochem.8b00452},
    issn = {0006-2960}
}

@article{Palframan2018SobraleneComplex,
    title = {{Sobralene, a new sex-aggregation pheromone and likely shunt metabolite of the taxadiene synthase cascade, produced by a member of the sand fly Lutzomyia longipalpis species complex}},
    year = {2018},
    journal = {Tet. Lett.},
    author = {Palframan, Matthew J. and Bandi, Krishna K. and Hamilton, James G.C. and Pattenden, Gerald},
    number = {20},
    month = {5},
    pages = {1921--1923},
    volume = {59},
    doi = {10.1016/j.tetlet.2018.03.088},
    issn = {00404039}
}

@article{Yang2019SynthesisHandcuffs,
    title = {{Synthesis and characterisation of rylene diimide dimers using molecular handcuffs}},
    year = {2019},
    journal = {Chem. Sci.},
    author = {Yang, Lixu and Langer, Philipp and Davies, E. Stephen and Baldoni, Matteo and Wickham, Katherine and Besley, Nicholas A. and Besley, Elena and Champness, Neil R.},
    number = {13},
    pages = {3723--3732},
    volume = {10},
    doi = {10.1039/C9SC00167K},
    issn = {2041-6520}
}

@article{Bray2014SyntheticBrazil,
    title = {{Synthetic Sex Pheromone in a Long-Lasting Lure Attracts the Visceral Leishmaniasis Vector, Lutzomyia longipalpis, for up to 12 Weeks in Brazil}},
    year = {2014},
    journal = {PLoS Neg. Trop. Dis.},
    author = {Bray, Daniel P. and Carter, Vicky and Alves, Graziella B. and Brazil, Reginaldo P. and Bandi, Krishna K. and Hamilton, James G.C.},
    number = {3},
    volume = {8},
    publisher = {Public Library of Science},
    doi = {10.1371/journal.pntd.0002723},
    issn = {19352735},
    pmid = {24651528}
}

@article{Gonzalez2020SyntheticLong-distance,
    title = {{Synthetic sex-aggregation pheromone of Lutzomyia longipalpis, the South American sand fly vector of Leishmania infantum, attracts males and females over long-distance}},
    year = {2020},
    journal = {PLOS Neg. Trop. Dis.},
    author = {Gonz{\'{a}}lez, Mikel A. and Bell, Melissa and Souza, Cristian F. and Maciel-de-Freitas, Rafael and Brazil, Reginaldo P. and Courtenay, Orin and Hamilton, James G. C.},
    number = {10},
    month = {10},
    pages = {e0008798},
    volume = {14},
    doi = {10.1371/journal.pntd.0008798},
    issn = {1935-2735}
}

@article{Koksal2011TaxadieneBiosynthesis,
    title = {{Taxadiene synthase structure and evolution of modular architecture in terpene biosynthesis}},
    year = {2011},
    journal = {Nature},
    author = {K{\"{o}}ksal, Mustafa and Jin, Yinghua and Coates, Robert M. and Croteau, Rodney and Christianson, David W.},
    number = {7328},
    month = {1},
    pages = {116--120},
    volume = {469},
    doi = {10.1038/nature09628},
    issn = {0028-0836}
}

@article{Loru2019TheMonoterpenoids,
    title = {{The axial/equatorial conformational landscape and intramolecular dispersion: new insights from the rotational spectra of monoterpenoids}},
    year = {2019},
    journal = {Phys. Chem. Chem. Phys.},
    author = {Loru, Donatella and Vigorito, Annalisa and Santos, Andreia F. M. and Tang, Jackson and Sanz, M. Eugenia},
    number = {47},
    pages = {26111--26116},
    volume = {21},
    doi = {10.1039/C9CP05264J},
    issn = {1463-9076}
}

@article{Hayes2020TheIsomer,
    title = {{The Impact of Macrocycle Conformation on the Taxadiene-Forming Carbocation Cascade: Insight Gained from Sobralene, a Recently Discovered Verticillene Isomer}},
    year = {2020},
    journal = {J. Org. Chem.},
    author = {Hayes, Christopher J. and Palframan, Matthew J. and Pattenden, Gerald},
    number = {6},
    month = {3},
    pages = {4507--4514},
    volume = {85},
    url = {https://pubs.acs.org/doi/10.1021/acs.joc.0c00369},
    doi = {10.1021/acs.joc.0c00369},
    issn = {0022-3263}
}

@article{Genheden2015TheAffinities,
    title = {{The MM/PBSA and MM/GBSA methods to estimate ligand-binding affinities}},
    year = {2015},
    journal = {Expert Opin. Drug Discovery},
    author = {Genheden, Samuel and Ryde, Ulf},
    number = {5},
    month = {5},
    pages = {449--461},
    volume = {10},
    doi = {10.1517/17460441.2015.1032936},
    issn = {1746-0441}
}

@article{Chung2015TheApplications,
    title = {{The ONIOM Method and Its Applications}},
    year = {2015},
    journal = {Chem. Rev.},
    author = {Chung, Lung Wa and Sameera, W. M. C. and Ramozzi, Romain and Page, Alister J. and Hatanaka, Miho and Petrova, Galina P. and Harris, Travis V. and Li, Xin and Ke, Zhuofeng and Liu, Fengyi and Li, Hai-Bei and Ding, Lina and Morokuma, Keiji},
    number = {12},
    month = {6},
    pages = {5678--5796},
    volume = {115},
    doi = {10.1021/cr5004419},
    issn = {0009-2665}
}

@article{Hong2011TheCascade,
    title = {{The Taxadiene-Forming Carbocation Cascade}},
    year = {2011},
    journal = {J. Am. Chem. Soc.},
    author = {Hong, Young J. and Tantillo, Dean J.},
    number = {45},
    month = {11},
    pages = {18249--18256},
    volume = {133},
    doi = {10.1021/ja2055929},
    issn = {0002-7863}
}

@article{Schwabe2008TheoreticalCost,
    title = {{Theoretical Thermodynamics for Large Molecules: Walking the Thin Line between Accuracy and Computational Cost}},
    year = {2008},
    journal = {Acc. Chem. Res.},
    author = {Schwabe, Tobias and Grimme, Stefan},
    number = {4},
    month = {4},
    pages = {569--579},
    volume = {41},
    doi = {10.1021/ar700208h},
    issn = {0001-4842}
}

@article{Adamo1999TowardModel,
    title = {{Toward reliable density functional methods without adjustable parameters: The PBE0 model}},
    year = {1999},
    journal = {J. Chem. Phys.},
    author = {Adamo, Carlo and Barone, Vincenzo},
    number = {13},
    month = {4},
    pages = {6158--6170},
    volume = {110},
    doi = {10.1063/1.478522},
    issn = {0021-9606}
}

@article{Guerin2002VisceralAgenda,
    title = {{Visceral leishmaniasis: current status of control, diagnosis, and treatment, and a proposed research and development agenda}},
    year = {2002},
    journal = {Lancet Infect. Dis.},
    author = {Guerin, Philippe J and Olliaro, Piero and Sundar, Shyam and Boelaert, Marleen and Croft, Simon L and Desjeux, Philippe and Wasunna, Monique K and Bryceson, Anthony DM},
    number = {8},
    month = {8},
    pages = {494--501},
    volume = {2},
    doi = {10.1016/S1473-3099(02)00347-X},
    issn = {14733099}
}

@techreport{WorldHealthOrganisation2010WHOSeries,
    title = {{WHO technical report series}},
    year = {2010},
    author = {{World Health Organisation}}
}

@article{Mardirossian2014B97X-V:Strategy,
    title = {{{$\omega$}B97X-V: A 10-parameter, range-separated hybrid, generalized gradient approximation density functional with nonlocal correlation, designed by a survival-of-the-fittest strategy}},
    year = {2014},
    journal = {Phys. Chem. Chem. Phys. },
    author = {Mardirossian, Narbe and Head-Gordon, Martin},
    number = {21},
    pages = {9904},
    volume = {16},
    doi = {10.1039/c3cp54374a},
    issn = {1463-9076}
}